@article{acharya2020does,
  title={Does the lack of financial stability impair the transmission of monetary policy?},
  author={Acharya, Viral V and Imbierowicz, Bj{\"o}rn and Steffen, Sascha and Teichmann, Daniel},
  journal={Journal of Financial Economics},
  year={2020},
  publisher={Elsevier}
}


@article{admati2018leverage,
  title={The leverage ratchet effect},
  author={Admati, Anat R and DeMarzo, Peter M and Hellwig, Martin F and Pfleiderer, Paul},
  journal={The Journal of Finance},
  volume={73},
  number={1},
  pages={145--198},
  year={2018},
  publisher={Wiley Online Library}
}

@article{adrian2017dealer,
  title={Dealer balance sheets and bond liquidity provision},
  author={Adrian, Tobias and Boyarchenko, Nina and Shachar, Or},
  journal={Journal of Monetary Economics},
  volume={89},
  pages={92--109},
  year={2017},
  publisher={Elsevier}
}

@article{aldasoro2019global,
  title={Global banks, dollar funding, and regulation},
  author={Aldasoro, I{\~n}aki and Ehlers, Torsten and Eren, Egemen},
  journal={Dollar Funding, and Regulation (April 9, 2019)},
  year={2019}
}

@article{altavilla2019there,
  title={Is there a zero lower bound? The effects of negative policy rates on banks and firms},
  author={Altavilla, Carlo and Burlon, Lorenzo and Giannetti, Mariassunta and Holton, Sarah},
  year={2019},
  publisher={ECB Working Paper}
}

@article{avdjiev2019dollar,
  title={The dollar, bank leverage, and deviations from covered interest parity},
  author={Avdjiev, Stefan and Du, Wenxin and Koch, Catherine and Shin, Hyun Song},
  journal={American Economic Review: Insights},
  volume={1},
  number={2},
  pages={193--208},
  year={2019}
}

@article{basel2014basel,
  title={Basel III leverage ratio framework and disclosure requirements},
  author={Basel Committee and others},
  journal={Bank for International Settlements},
  year={2014}
}

@article{begenau2018financial,
  title={Financial regulation in a quantitative model of the modern banking system},
  author={Begenau, Juliane and Landvoigt, Tim},
  journal={Available at SSRN 2748206},
  year={2018}
}

@article{behn2019dynamic,
  title={A dynamic model of bank behaviour under multiple regulatory constraints},
  author={Behn, Markus and Daminato, Claudio and Salleo, Carmelo},
  year={2019},
  publisher={ECB Working Paper}
}

@article{behn2019behind,
  title={Behind the scenes of the beauty contest: window dressing and the G-SIB framework},
  author={Behn, Markus and Mangiante, Giacomo and Parisi, Laura and Wedow, Michael},
  year={2019},
  publisher={ECB Working Paper}
}

@article{behn2020impact,
  title={The Impact of G-SIB Identification on Bank Lending: Evidence from Syndicated Loans},
  author={Behn, Markus and Schramm, Alexander},
  journal={Available at SSRN},
  year={2020}
}

@article{bottero2020expansionary,
  title={Expansionary yet different: credit supply and real effects of negative interest rate policy},
  author={Bottero, Margherita and Minoiu, Camelia and Peydr{\'o}, Jos{\'e}-Luis and Polo, Andrea and Presbitero, Andrea and Sette, Enrico},
  journal={Bank of Italy Temi di Discussione (Working Paper) No},
  volume={1269},
  year={2020}
}


@techreport{brunnermeier2018reversal,
  title={The reversal interest rate},
  author={Brunnermeier, Markus K and Koby, Yann},
  year={2018},
  institution={National Bureau of Economic Research}
}

@article{buchak2018fintech,
  title={Fintech, regulatory arbitrage, and the rise of shadow banks},
  author={Buchak, Greg and Matvos, Gregor and Piskorski, Tomasz and Seru, Amit},
  journal={Journal of Financial Economics},
  volume={130},
  number={3},
  pages={453--483},
  year={2018},
  publisher={Elsevier}
}

@article{cenedese2019currency,
  title={Currency mispricing and dealer balance sheets},
  author={Cenedese, Gino and Della Corte, Pasquale and Wang, Tianyu},
  journal={Available at SSRN 3327088},
  year={2019}
}

@article{chodorow2014employment,
  title={The employment effects of credit market disruptions: Firm-level evidence from the 2008--9 financial crisis},
  author={Chodorow-Reich, Gabriel},
  journal={The Quarterly Journal of Economics},
  volume={129},
  number={1},
  pages={1--59},
  year={2014},
  publisher={MIT Press}
}

@techreport{choi2018leverage,
  title={Leverage limits and bank risk: New evidence on an old question},
  author={Choi, Dong Beom and Holcomb, Michael R and Morgan, Donald P},
  year={2018},
  institution={Staff Report}
}


@techreport{correa2020us,
  title={US banks and global liquidity},
  author={Correa, Ricardo and Du, Wenxin and Liao, Gordon Y},
  year={2020},
  institution={National Bureau of Economic Research}
}



@techreport{daniel2018monetary,
  title={Monetary policy and reaching for income},
  author={Daniel, Kent and Garlappi, Lorenzo and Xiao, Kairong},
  year={2018},
  institution={National Bureau of Economic Research}
}

@techreport{de2018money,
  title={Money markets, collateral and monetary policy},
  author={De Fiore, Fiorella and Hoerova, Marie and Uhlig, Harald},
  year={2018},
  institution={National Bureau of Economic Research}
}

@article{drechsler2018liquidity,
  title={Liquidity, risk premia, and the financial transmission of monetary policy},
  author={Drechsler, Itamar and Savov, Alexi and Schnabl, Philipp},
  journal={Annual Review of Financial Economics},
  volume={10},
  pages={309--328},
  year={2018},
  publisher={Annual Reviews}
}

@article{du2018deviations,
  title={Deviations from covered interest rate parity},
  author={Du, Wenxin and Tepper, Alexander and Verdelhan, Adrien},
  journal={The Journal of Finance},
  volume={73},
  number={3},
  pages={915--957},
  year={2018},
  publisher={Wiley Online Library}
}

@article{du2019channel,
  title={Financial Intermediation Channel in the Flobal Dollar Cycle},
  author={Du, Wenxin},
  journal={Remarks on “Mind the Gap in Sovereign Debt Markets: The U.S. Treasury Basis and the Dollar
Factor,” by Krishnamurthy and Lustig},
  year={2019}
}

@inproceedings{duffie2016passthrough,
  title={Passthrough efficiency in the fed’s new monetary policy setting},
  author={Duffie, Darrell and Krishnamurthy, Arvind},
  booktitle={Designing Resilient Monetary Policy Frameworks for the Future. Federal Reserve Bank of Kansas City, Jackson Hole Symposium},
  pages={1815--1847},
  year={2016}
}

@article{d2020unconventional,
  title={Unconventional monetary policy and funding liquidity risk},
  author={d'Avernas, Adrien and Vandeweyer, Quentin and Darracq Paries, Matthieu},
  year={2020},
  publisher={ECB Working Paper}
}

@article{egan2017deposit,
  title={Deposit competition and financial fragility: Evidence from the us banking sector},
  author={Egan, Mark and Horta{\c{c}}su, Ali and Matvos, Gregor},
  journal={American Economic Review},
  volume={107},
  number={1},
  pages={169--216},
  year={2017}
}

@article{egan2017deposit,
  title={Deposit competition and financial fragility: Evidence from the us banking sector},
  author={Egan, Mark and Horta{\c{c}}su, Ali and Matvos, Gregor},
  journal={American Economic Review},
  volume={107},
  number={1},
  pages={169--216},
  year={2017}
}

@techreport{egelhof2017regulatory,
  title={Regulatory incentives and quarter-end dynamics in the repo market},
  author={Egelhof, James and Martin, Antoine and Zinsmeister, Noah},
  year={2017},
  institution={Federal Reserve Bank of New York}
}

@techreport{eggertsson2019negative,
  title={Negative nominal interest rates and the bank lending channel},
  author={Eggertsson, Gauti B and Juelsrud, Ragnar E and Summers, Lawrence H and Wold, Ella Getz},
  year={2019},
  institution={National Bureau of Economic Research}
}

@article{ferrara2018impact,
  title={The impact of the leverage ratio on client clearing},
  author={Ferrara, Gerardo and Acosta Smith, Jonathan and Rodriguez Tous, Francesc},
  year={2018},
  publisher={Bank of England Working Paper}
}

@article{gete2020mortgage,
  title={Mortgage securitization and shadow bank lending},
  author={Gete, Pedro and Reher, Michael},
  journal={The Review of Financial Studies, forthcoming},
  year={2020}
}

@article{hanson2011macroprudential,
  title={A macroprudential approach to financial regulation},
  author={Hanson, Samuel G and Kashyap, Anil K and Stein, Jeremy C},
  journal={Journal of economic Perspectives},
  volume={25},
  number={1},
  pages={3--28},
  year={2011}
}

@article{heider2019life,
  title={Life below zero: Bank lending under negative policy rates},
  author={Heider, Florian and Saidi, Farzad and Schepens, Glenn},
  journal={The Review of Financial Studies},
  volume={32},
  number={10},
  pages={3728--3761},
  year={2019},
  publisher={Oxford University Press}
}

@article{irani2020rise,
  title={The rise of shadow banking: Evidence from capital regulation},
  author={Irani, Rustom M and Iyer, Rajkamal and Meisenzahl, Ralf R and Peydro, Jose-Luis},
  journal={Available at SSRN 3166219},
  year={2020}
}

@article{ivashina2015dollar,
  title={Dollar funding and the lending behavior of global banks},
  author={Ivashina, Victoria and Scharfstein, David S and Stein, Jeremy C},
  journal={The Quarterly Journal of Economics},
  volume={130},
  number={3},
  pages={1241--1281},
  year={2015},
  publisher={Oxford University Press}
}

@article{jimenez2019real,
  title={The real effects of the bank lending channel},
  author={Jim{\'e}nez, Gabriel and Mian, Atif and Peydr{\'o}, Jos{\'e}-Luis and Saurina, Jes{\'u}s},
  journal={Journal of Monetary Economics},
  year={2019},
  publisher={Elsevier}
}

@article{khwaja2008tracing,
  title={Tracing the impact of bank liquidity shocks: Evidence from an emerging market},
  author={Khwaja, Asim Ijaz and Mian, Atif},
  journal={American Economic Review},
  volume={98},
  number={4},
  pages={1413--42},
  year={2008}
}

@article{koijen2016shadow,
  title={Shadow insurance},
  author={Koijen, Ralph SJ and Yogo, Motohiro},
  journal={Econometrica},
  volume={84},
  number={3},
  pages={1265--1287},
  year={2016},
  publisher={Wiley Online Library}
}

@article{kotidis2019repo,
  title={Repo Market Functioning: The Role of Capital Regulation},
  author={Kotidis, Antonis and van Horen, Neeltje},
  year={2019}
}

@article{mankart2020bank,
  title={Bank capital buffers in a dynamic model},
  author={Mankart, Jochen and Michaelides, Alexander and Pagratis, Spyros},
  journal={Financial Management},
  volume={49},
  number={2},
  pages={473--502},
  year={2020},
  publisher={Wiley Online Library}
}

@article{gropp2019banks,
  title={Banks response to higher capital requirements: Evidence from a quasi-natural experiment},
  author={Gropp, Reint and Mosk, Thomas and Ongena, Steven and Wix, Carlo},
  journal={The Review of Financial Studies},
  volume={32},
  number={1},
  pages={266--299},
  year={2019},
  publisher={Oxford University Press}
}

@article{opie2020global,
  title={Global currency hedging with common risk factors},
  author={Opie, Wei and Riddiough, Steven J},
  journal={Journal of Financial Economics},
  volume={136},
  number={3},
  pages={780--805},
  year={2020},
  publisher={Elsevier}
}

@article{peek1997international,
  title={The international transmission of financial shocks: The case of Japan},
  author={Peek, Joe and Rosengren, Eric S},
  journal={The American Economic Review},
  pages={495--505},
  year={1997},
  publisher={JSTOR}
}

@article{rajan1992insiders,
  title={Insiders and outsiders: The choice between informed and arm's-length debt},
  author={Rajan, Raghuram G},
  journal={The Journal of finance},
  volume={47},
  number={4},
  pages={1367--1400},
  year={1992},
  publisher={Wiley Online Library}
}

@article{sharpe1990asymmetric,
  title={Asymmetric information, bank lending, and implicit contracts: A stylized model of customer relationships},
  author={Sharpe, Steven A},
  journal={The journal of finance},
  volume={45},
  number={4},
  pages={1069--1087},
  year={1990},
  publisher={Wiley Online Library}
}

@article{thakor1996capital,
  title={Capital requirements, monetary policy, and aggregate bank lending: theory and empirical evidence},
  author={Thakor, Anjan V},
  journal={The Journal of Finance},
  volume={51},
  number={1},
  pages={279--324},
  year={1996},
  publisher={Wiley Online Library}
}

@article{vandeweyer2019treasury,
  title={Treasury Debt and the Pricing of Short-Term Assets},
  author={Vandeweyer, Quentin},
  journal={European Central Bank and Sciences Po},
  year={2019}
}

@techreport{whited2020bank,
  title={Bank market power and monetary policy transmission: Evidence from a structural estimation},
  author={Whited, Toni M and Wang, Yifei  and Wu, Yufeng and Xiao, Kairong},
  year={2020},
  institution={National Bureau of Economic Research}
}



@article{xiao2020monetary,
  title={Monetary transmission through shadow banks},
  author={Xiao, Kairong},
  journal={The Review of Financial Studies},
  volume={33},
  number={6},
  pages={2379--2420},
  year={2020},
  publisher={Oxford University Press}
}
